<?xml version="1.0" encoding="UTF-8"?><collection xmlns="http://www.loc.gov/MARC21/slim"><record><leader>00404nam--2200133-i-4500</leader><controlfield tag="001">000028392</controlfield><controlfield tag="002">20161230</controlfield><controlfield tag="005">20161230201037</controlfield><controlfield tag="008">060222s1000------------r-----000-0-eng-d</controlfield><datafield ind1=" " ind2=" " tag="080"><subfield code="a">621.039.83:616</subfield></datafield><datafield ind1=" " ind2=" " tag="100"><subfield code="a">Lemort, Jean-pierre</subfield></datafield><datafield ind1=" " ind2=" " tag="245"><subfield code="a">Etude de la scintigraphie quantitative par dispositif a logique cablee. applications medicales. these</subfield></datafield><datafield ind1=" " ind2=" " tag="260"><subfield code="a">Paris, Univ.De Paris, 1971, 73p</subfield></datafield><datafield ind1=" " ind2=" " tag="852"><subfield code="a">38977</subfield></datafield></record></collection>